@book{higham,
  title={Deep Learning: An Introduction for Applied Mathematicians},
  author={Catherine F. Higham and Desmond J. Higham},
  publisher={arXiv:1801.05894},
  year={2018}
}

@book{albert,
    title = {Regression and the Moore-Penrose pseudoinverse},
    author = {Arthur Albert},
    series = {Mathematics in Science and Engineering, Vol. 94},
    year = {1972},
    publisher = {Academic Press},
}

@book{goodfellow,
    title={Deep Learning},
    author={Ian Goodfellow and Yoshua Bengio and Aaron Courville},
    publisher={MIT Press},
    year={2016}
}